@article{jerarquia,
author = {Ángel J. Gallego},
title = {La jerarquía de Chomsky y la facultad del lenguaje: consecuencias para la variación y la evolución},
}
