@Book{automatas,
author = {Hopcroft John, Motwani Rajeev, Ullman Jeffrey},
ALTeditor = {Pearson Education},
title = {Introduction to Automata Theory, Languages and Computation},
publisher = {Addison Wesley},
year = {2008},
OPTkey = {978-84-7829-088-8},
OPTvolume = {2},
OPTnumber = {452},
OPTseries = {•},
OPTaddress = {•},
OPTedition = {•},
OPTmonth = {•},
OPTnote = {•},
OPTannote = {•}
}